@Book{ernorubik1974,
  title={Fotheringham's Extraordinary Sporting Pastimes},
  author={William Fotheringham},
  isbn={9781861059536},
  //url={https://books.google.cl/books?id=FHgis\_oPr0MC},
  year={2006},
  publisher={Pavilion Books},
}

@Online{mathematicsrubik,
  author = 	 {Desconocido},
  title = 	 {The Mathematics of the Rubik’s Cube},
  URL   =        {https://web.mit.edu/sp.268/www/rubik.pdf},
  year = 2009
}

@Online{baxterspecs,
  author = 	 {Rethink Robotics™},
  title = 	 {Baxter Research Robot Hardware Specifications},
  URL   =        {http://sdk.rethinkrobotics.com/wiki/Hardware_Specifications},
  year = 2015,
}

@Misc{baxterproduct,
  author={C. {Fitzgerald}},
  booktitle={2013 IEEE Conference on Technologies for Practical Robot Applications (TePRA)},
  title={Developing baxter},
  year={2013},
  pages={1-6},
  doi={10.1109/TePRA.2013.6556344},
  ISSN={2325-0534},
  month={April},
  //URL   =        {https://www.rethinkrobotics.com/products/baxter/},
}

@Online{notationsingmaster,
  author = 	 {David Singmaster},
  title = 	 {Notes on Rubik's Magic Cube},
  URL   =        {https://maths-people.anu.edu.au/~burkej/cube/singmaster.pdf},
  year = 1981,
}

@Article{qtmhtm,
  ISSN = {07468342, 19311346},
  //URL = {http://www.jstor.org/stable/10.4169/college.math.j.45.4.242},
  author = {Tomas Rokicki},
  journal = {The College Mathematics Journal},
  number = {4},
  pages = {242--242},
  publisher = {Mathematical Association of America},
  title = {Towards God's Number for Rubik's Cube in the Quarter-Turn Metric},
  volume = {45},
  year = {2014},
}

@Article{godnumber20,
  //URL   =        {https://www.cube20.org/},
  title={The diameter of the rubik's cube group is twenty},
  author={Rokicki, Tomas and Kociemba, Herbert and Davidson, Morley and Dethridge, John},
  journal={SIAM Review},
  volume={56},
  number={4},
  pages={645--670},
  year={2014},
  publisher={SIAM},
}

@Online{thistlethwaite,
  author = 	 {Morwen Thistlethwaite},
  title = 	 {52-move algorithm},
  URL   =        {https://www.jaapsch.net/puzzles/thistle.htm},
  year = 	 1981,
}

@Online{kloosterman,
  author = 	 {Hans Kloosterman},
  title = 	 {Rubik’s cube in 42 moves},
  URL   =        {http://www.math.rwth-aachen.de/~Martin.Schoenert/Cube-Lovers/michael_reid__an_upper_bound_on_god%27s_number.html},
  year = 	 1990
}

@Online{reid39,
  author = 	 {Michael Reid},
  title = 	 {New Upper Bound},
  URL   =        {http://www.math.rwth-aachen.de/~Martin.Schoenert/Cube-Lovers/michael_reid__new_upper_bound.html},
  year = 	 1992
}

@Online{winter,
  author = 	 {Dik Winter},
  title = 	 {New upper bound on God’s algorithm for Rubik’s cube},
  URL   =        {https://sciences.ucf.edu/math/~reid/Rubik/Cubelovers/},
  year = 	 1992
}

@Online{reid29,
  author = 	 {Michael Reid},
  title = 	 {New Upper Bounds},
  URL   =        {http://www.math.rwth-aachen.de/~Martin.Schoenert/Cube-Lovers/michael_reid__new_upper_bounds.html},
  year = 	 1995
}

@Online{superflip,
  author="Michael Reid",
  title="Superflip required 20 face turns",
  //journal="http://www.math.rwth-aachen.de/%7EMartin.Schoenert/Cube-Lovers/michael_reid_superflip_requires_20_face_turns.html",
  year="1995",
  //URL="https://ci.nii.ac.jp/naid/10025276737/en/",
  //URL   =        {http://www.math.rwth-aachen.de/~Martin.Schoenert/Cube-Lovers/michael_reid__superflip_requires_20_face_turns.html},
}
@Online{radu28,
  author = 	 {Silviu Radu},
  title = 	 {Solving Rubik’s Cube in 28 Face Turns},
  URL   =        {http://forum.cubeman.org/?q=node/view/37},
  year = 	 2005
}
@Article{kunkle,
  author = {Kunkle, Dan and Cooperman, Gene},
  title = {Twenty-six Moves Suffice for Rubik's Cube},
  booktitle = {Proceedings of the 2007 International Symposium on Symbolic and Algebraic Computation},
  series = {ISSAC '07},
  year = {2007},
  isbn = {978-1-59593-743-8},
  location = {Waterloo, Ontario, Canada},
  pages = {235--242},
  numpages = {8},
  //url = {http://doi.acm.org/10.1145/1277548.1277581},
  doi = {10.1145/1277548.1277581},
  acmid = {1277581},
  publisher = {ACM},
  address = {New York, NY, USA},
  keywords = {Rubik's cube, disk-based methods, fast multiplication, permutation groups, upper bound},
}
@Article{rokicki25,
  author = {Kunkle, Daniel and Cooperman, Gene},
  title = {Twenty-six Moves Suffice for Rubik's Cube},
  booktitle = {Proceedings of the 2007 International Symposium on Symbolic and Algebraic Computation},
  series = {ISSAC '07},
  year = {2007},
  isbn = {978-1-59593-743-8},
  location = {Waterloo, Ontario, Canada},
  pages = {235--242},
  numpages = {8},
  doi = {10.1145/1277548.1277581},
  acmid = {1277581},
  publisher = {ACM},
  address = {New York, NY, USA},
  keywords = {Rubik's cube, disk-based methods, fast multiplication, permutation groups, upper bound},
  //URL   =        {https://arxiv.org/abs/0803.3435},
}
@Online{rokicki23,
  author = 	 {Tomas Rokicki},
  title = 	 {Twenty-Three Moves Suffice},
  URL   =        {http://forum.cubeman.org/?q=node/view/117},
  year = 	 2008,
}
@Article{rokicki22,
  author="Rokicki, Tomas",
  title="Twenty-Two Moves Suffice for Rubik's Cube®",
  journal="The Mathematical Intelligencer",
  year="2010",
  month="Mar",
  day="01",
  volume="32",
  number="1",
  pages="33--40",
  issn="1866-7414",
  doi="10.1007/s00283-009-9105-3",
  //URL   =        {https://link.springer.com/article/10.1007%2Fs00283-009-9105-3},
}
@Online{baxterrubik1,
  author = 	 {ActiveRobots},
  title = 	 {Baxter Research Robot Solves Rubik's Cube},
  year = 	 2014,
  URL   =        {https://www.youtube.com/watch?v=vF9usYszChU},
}
@Online{baxterrubik2,
  author = 	 {Victoria Albanese},
  title = 	 {Baxter "Solves" the Rubik's Cube},
  URL   =        {https://www.youtube.com/watch?v=RdZpreCTMT8},
  year = 	 2018,
}
@Online{baxterrubik3,
  author = 	 {Chris Dawes},
  title = 	 {Baxter Rubiks Algorithm Demonstration},
  URL   =        {https://www.youtube.com/watch?v=9NDJwh9Zbxg},
  year = 	 2015,
}
@Online{mitrubikrobot,
  author = 	 {MIT News},
  title = 	 {Solving a Rubik's Cube in record time},
  URL   =        {http://news.mit.edu/2018/featured-video-solving-rubiks-cube-record-time-0316},
  year = 	 2018
}
@Online{robotother,
  author = 	 {Computing Forever},
  title = 	 {Robot solves Rubik's Cube},
  URL   =        {https://www.youtube.com/watch?v=lD_LU0KKQfU},
  year = 	 2011
}

@Article{deepcube,
  author = {Agostinelli, Forest and McAleer, Stephen and Shmakov, Alexander and Baldi, Pierre},
  year = {2019},
  month = {07},
  title = {Solving the Rubik’s cube with deep reinforcement learning and search},
  volume = {1},
  journal = {Nature Machine Intelligence},
  doi = {10.1038/s42256-019-0070-z},
  //URL   =        {https://www.nature.com/articles/s42256-019-0070-z},
}

@Book{vision,
  author = {Sonka, Milan and Hlavac, Vaclav and Boyle, Roger},
  year = {2008},
  month = {01},
  title = {Image processing, analysis and and machine vision (3. ed.).},
  isbn = {978-0-495-24438-7},
  //URL   =        {https://en.wikipedia.org/wiki/Computer_vision},
}
@Misc{mrroc,
  author = {Zielinski, Cezary and Winiarski, Tomasz and Szynkiewicz, Wojciech and Staniak, Maciej and Czajewski, Witold and Kornuta, Tomasz},
  year = {2019},
  month = {08},
  title = {MRROC++ Based Controller of a Dual Arm Robot System Manipulating a Rubik's Cube},
  //URL   =        {http://citeseerx.ist.psu.edu/viewdoc/download?doi=10.1.1.457.7637&rep=rep1&type=pdf},
}
@Article{ros,
  author = {Quigley, Morgan and Conley, Ken and P Gerkey, Brian and Faust, Josh and Foote, Tully and Leibs, Jeremy and Wheeler, Rob and Y Ng, Andrew},
  year = {2009},
  month = {01},
  title = {ROS: an open-source Robot Operating System},
  volume = {3},
  journal = {ICRA Workshop on Open Source Software},
  //URL   =        {https://www.ros.org/about-ros/},
}
@Misc{hough,
  author = {Shehata, Allam and Mohammad, Sherien and Abdallah, Mohamed and Ragab, Mohammad},
  year = {2015},
  month = {02},
  title = {A Survey on Hough Transform, Theory, Techniques and Applications},
  //URL   =        {https://www.researchgate.net/publication/272195556_A_Survey_on_Hough_Transform_Theory_Techniques_and_Applications/citation/download},
}
@Misc{baxterassistive,
  title={Exercising with Baxter: Design and Evaluation of Assistive Social-Physical Human-Robot Interaction},
  author={Fitter, Naomi T and Mohan, Mayumi and Kuchenbecker, Katherine J and Johnson, Michelle J},
  booktitle={Workshop on Personal Robots for Exercising and Coaching (PREC 2018)},
  year={2018},
  //URL   =        {https://pdfs.semanticscholar.org/2d86/ff038b10c773a742cdca8eb5026c5a438cdb.pdf},
}
@Article{baxterchess,
  author = {Chen, Andrew and Wang, Kevin},
  year = {2019},
  month = {02},
  pages = {14},
  title = {Robust Computer Vision Chess Analysis and Interaction with a Humanoid Robot},
  volume = {8},
  journal = {Computers},
  doi = {10.3390/computers8010014},
  //URL   =        {https://www.researchgate.net/publication/331017060_Robust_Computer_Vision_Chess_Analysis_and_Interaction_with_a_Humanoid_Robot},
}
@Online{baxtersupply,

  author = 	 {SAGE Automation},
  title = 	 {Introducing Baxter the world's first interactive manufacturing robot},
  URL   =        {https://www.sageautomation.com/news/pages/introducing-baxter-the-worlds-first-interactive-manufacturing-robot},
  year = 	 2015
}
@Misc{petrus,
  title={Solving Rubik’s Cube for speed},
  author={Petrus, Lars},
  year={2006},
  //URL   =        {https://www.cs.brandeis.edu/~storer/JimPuzzles/RUBIK/Rubik3x3x3/SOLUTIONS/Rubik3x3x3SolutionPetrus.pdf},
}
@Online{fridrich,
  author = 	 {Jessica Fridrich},
  title = 	 {My System for Solving Rubik's Cube},
  URL   =        {http://www.ws.binghamton.edu/fridrich/system.html},
  year = 	 2011
}
@Book{aima,
  author = {Russell, Stuart and Norvig, Peter},
  title = {Artificial Intelligence: A Modern Approach},
  year = {2009},
  isbn = {0136042597, 9780136042594},
  edition = {3rd},
  publisher = {Prentice Hall Press},
  address = {Upper Saddle River, NJ, USA},
  //URL   =        {https://dl.acm.org/citation.cfm?id=1671238},
}
@Online{kociemba,
  title={The Two-Phase-Algorithm},
  author={Kociemba, Herbert},
  URL= {http://kociemba.org/twophase.htm},
  year={2015},
}
@Article{korf,
  author = {Korf, Richard E.},
  title = {Finding Optimal Solutions to Rubik's Cube Using Pattern Databases},
  booktitle = {Proceedings of the Fourteenth National Conference on Artificial Intelligence and Ninth Conference on Innovative Applications of Artificial Intelligence},
  series = {AAAI'97/IAAI'97},
  year = {1997},
  isbn = {0-262-51095-2},
  location = {Providence, Rhode Island},
  pages = {700--705},
  numpages = {6},
  acmid = {1867515},
  publisher = {AAAI Press},
  //URL   =        {https://www.aaai.org/Papers/AAAI/1997/AAAI97-109.pdf},
}
@Article{korfcomplexity,
  title = "Time complexity of iterative-deepening-A*",
  journal = "Artificial Intelligence",
  volume = "129",
  number = "1",
  pages = "199 - 218",
  year = "2001",
  author = "Richard E. Korf and Michael Reid and Stefan Edelkamp",
  //URL   =        {https://www.sciencedirect.com/science/article/pii/S0004370201000947},
}
@Misc{ida,
  title={Artificial intelligence search algorithms},
  author={Korf, Richard E},
  year={1996},
  publisher={Computer Science Department, University of California},
  //URL   =        {https://www.cs.helsinki.fi/u/bmmalone/heuristic-search-fall-2013/Korf1996.pdf},
}
@Article{patterndatabases,
  //URL   =        {https://onlinelibrary.wiley.com/doi/abs/10.1111/0824-7935.00065},
  author = {Culberson, Joseph C. and Schaeffer, Jonathan},
  title = {Pattern Databases},
  journal = {Computational Intelligence},
  volume = {14},
  number = {3},
  pages = {318-334},
  keywords = {single-agent search, A*, IDA*, pattern databases},
  doi = {10.1111/0824-7935.00065},
  //eprint = {https://onlinelibrary.wiley.com/doi/pdf/10.1111/0824-7935.00065},
  year = {1998},
}
@Online{gmm,
  author={Douglas A. Reynolds},
  title={Gaussian Mixture Models},
  booktitle={Encyclopedia of Biometrics},
  year={2009},
  //URL   =        {https://www.semanticscholar.org/paper/Gaussian-Mixture-Models-Reynolds/734b07b53c23f74a3b004d7fe341ae4fce462fc6},
}

@Online{ik,
  author = {Aristidou, A. and Lasenby, J. and Chrysanthou, Y. and Shamir, A.},
  title = {Inverse Kinematics Techniques in Computer Graphics: A Survey},
  journal = {Computer Graphics Forum},
  volume = {37},
  number = {6},
  pages = {35-58},
  keywords = {inverse kinematics, motion capture, biomechanical constraints, General and reference—Surveys and overviews; Computing methodologies—Animation},
  doi = {10.1111/cgf.13310},
  //url = {https://onlinelibrary.wiley.com/doi/abs/10.1111/cgf.13310},
  year = {2018},
}
@Book{hsv,
  editor="Li, Dongqing",
  title="HSV Color Space",
  bookTitle="Encyclopedia of Microfluidics and Nanofluidics",
  year="2008",
  publisher="Springer US",
  address="Boston, MA",
  pages="793--793",
  isbn="978-0-387-48998-8",
  doi="10.1007/978-0-387-48998-8_656",
  //url="https://doi.org/10.1007/978-0-387-48998-8_656",
}



@Misc{rgb,
  title={Standard RGB Color Spaces},
  author={Sabine Süsstrunk and Robert E. Buckley and Steve Swen},
  booktitle={Color Imaging Conference},
  year={1999},
  //URL={https://pdfs.semanticscholar.org/529a/a789976bcfbee1a93d7c9d2fd3a4902b2a3b.pdf},
}



@Online{cubeexplorer,
  author = 	 {Herbert Kociemba},
  title = 	 {Cube Explorer (Software)},
  URL   =        {http://kociemba.org/cube.htm},
}
@Book{cv,
  author = {Davies, E. R.},
  title = {Computer Vision, Fifth Edition: Principles, Algorithms, Applications, Learning},
  year = {2017},
  isbn = {012809284X, 9780128092842},
  edition = {5th},
  publisher = {Academic Press, Inc.},
  address = {Orlando, FL, USA},
  //URL   =        {https://linkinghub.elsevier.com/retrieve/pii/B9780128092842000010},
}
@Online{cubealgos,
  title={Comparison of Rubik’s Cube Solving Methods Made for Humans},
  author={Duberg, Daniel and Tideström, Jakob},
  year={2015},
  URL   =        {http://www.diva-portal.org/smash/get/diva2:816583/FULLTEXT01.pdf},
}
@Misc{rubikcolors,
  author = {Liu, Shenglan and Jiang, Dong and Feng, Lin and Wang, Feilong and Feng, Zhanbo and Liu, Xiang and Guo, Shuai and Li, Bingjun and Cong, Yuchen},
  title = {Color Recognition for Rubik's Cube Robot},
  //URL   =        {https://arxiv.org/pdf/1901.03470.pdf},
  year = {2019},
  month = {01},
}
@Misc{beginner,
  title={Algoritmos de resolución para el cubo de Rubik},
  author={Ridao Freitas, Iván Osvaldo and Vidal, Santiago Agustín},
  year={2005},
  publisher={EST},
  //URL   =        {http://www.exa.unicen.edu.ar/catedras/aydalgo2/docs/Rubik.pdf},
}
@Misc{logitech,
  author = 	 {C920 HD Pro Webcam },
  URL   =        {https://www.logitech.com/es-mx/product/hd-pro-webcam-c920},
}
